<record xmlns="http://www.loc.gov/MARC21/slim" xmlns:xsi="http://www.w3.org/2001/XMLSchema-instance" xsi:schemaLocation="http://www.loc.gov/MARC21/slim http://www.loc.gov/standards/marcxml/schema/MARC21slim.xsd"><leader>02931nam a2200457   4500</leader><controlfield tag="001">3073746</controlfield><controlfield tag="003">NNC</controlfield><controlfield tag="006">m        d        </controlfield><controlfield tag="007">cr cn |||m|||a</controlfield><controlfield tag="008">150110s1960    sy h    ob    001 0 ara d</controlfield><datafield ind1=" " ind2=" " tag="040"><subfield code="a">NNU</subfield><subfield code="b">eng</subfield><subfield code="c">NNU</subfield></datafield><datafield ind1=" " ind2="4" tag="050"><subfield code="a">PJ6161</subfield><subfield code="b">.A196 1960</subfield></datafield><datafield ind1="1" ind2=" " tag="100"><subfield code="6">880-01</subfield><subfield code="a">Abu&#772; al-T&#803;ayyib al-Lughawi&#772;, &#699;Abd al-Wa&#772;h&#803;id ibn &#699;Ali&#772;,</subfield><subfield code="d">-962 or 963.</subfield></datafield><datafield ind1="1" ind2="0" tag="240"><subfield code="6">880-02</subfield><subfield code="a">Muthanna&#769;</subfield></datafield><datafield ind1="1" ind2="0" tag="245"><subfield code="6">880-03</subfield><subfield code="a">Kita&#772;b al-Muthanna&#769;</subfield><subfield code="h">[electronic resource] /</subfield><subfield code="c">ta&#700;li&#772;f Abi&#772; al-T&#803;ayyib &#699;Abd al-Wa&#772;h&#803;id ibn &#699;Ali&#772; al-Lughawi&#772; al-H&#803;alabi&#772; al-mutawaffa&#772; sanat 351 H ; h&#803;aqqaqahu wa-sharah&#803;au wa-nashara h&#803;awa&#772;shi&#772;h al-as&#803;li&#772;yah wa-akmal nawa&#772;qis&#803;uh &#699;Izz al-Di&#772;n al-Tannu&#772;khi&#772;.</subfield></datafield><datafield ind1=" " ind2=" " tag="260"><subfield code="6">880-04</subfield><subfield code="a">Dimashq :</subfield><subfield code="b">al-Majma&#699; al-&#699;Ilmi&#772; al-&#699;Arabi&#772;,</subfield><subfield code="c">1960.</subfield></datafield><datafield ind1=" " ind2=" " tag="300"><subfield code="a">online resource (12, 120 p.) :</subfield><subfield code="b">facsims.</subfield></datafield><datafield ind1="1" ind2=" " tag="490"><subfield code="6">880-05</subfield><subfield code="a">Mat&#803;bu&#772;&#699;a&#772;t al-Majma&#699; al-&#699;Ilmi&#772; al-&#699;Arabi&#772; bi-Dimashq</subfield></datafield><datafield ind1=" " ind2=" " tag="500"><subfield code="a">Part of the Arabic Collections Online (ACO) project, contributed by Columbia University Libraries.</subfield></datafield><datafield ind1=" " ind2=" " tag="533"><subfield code="a">Electronic reproduction.</subfield><subfield code="b">New York, N.Y. :</subfield><subfield code="c">New York University,</subfield><subfield code="d">2015.</subfield><subfield code="5">NNU</subfield></datafield><datafield ind1=" " ind2=" " tag="546"><subfield code="a">In Arabic.</subfield></datafield><datafield ind1=" " ind2=" " tag="504"><subfield code="a">Includes bibliographical references and indexes.</subfield></datafield><datafield ind1=" " ind2="0" tag="650"><subfield code="a">Arabic language</subfield><subfield code="v">Glossaries, vocabularies, etc.</subfield></datafield><datafield ind1=" " ind2="7" tag="650"><subfield code="a">Arabic language.</subfield><subfield code="2">fast</subfield><subfield code="0">(OCoLC)fst00812287</subfield></datafield><datafield ind1=" " ind2="7" tag="655"><subfield code="a">Glossaries, vocabularies, etc.</subfield><subfield code="2">fast</subfield><subfield code="0">(OCoLC)fst01423786</subfield></datafield><datafield ind1="1" ind2=" " tag="700"><subfield code="6">880-06</subfield><subfield code="a">Tanu&#772;khi&#772;, &#699;Izz al-Di&#772;n,</subfield><subfield code="e">ed.</subfield></datafield><datafield ind1="2" ind2=" " tag="710"><subfield code="a">Columbia University.</subfield><subfield code="b">Libraries.</subfield></datafield><datafield ind1="0" ind2=" " tag="730"><subfield code="a">Arabic Collections Online.</subfield></datafield><datafield ind1="0" ind2="8" tag="776"><subfield code="i">Online version:</subfield><subfield code="a">Abu&#772; al-T&#803;ayyib al-Lughawi&#772;, &#699;Abd al-Wa&#772;h&#803;id ibn &#699;Ali&#772;, d. 962 or 3.</subfield><subfield code="t">A&#772;b al-Muthanna&#769;</subfield><subfield code="d">Dimashq, Mat&#803;bu&#772;&#699;a&#772;t al-Majma&#699; al-&#699;Ilmi&#772; al-&#699;Arabi&#772;, 1960</subfield><subfield code="w">(OCoLC)586077285</subfield></datafield><datafield ind1="0" ind2="8" tag="776"><subfield code="i">Print version:</subfield><subfield code="a">Abu&#772; al-T&#803;ayyib al-Lughawi&#772;, &#699;Abd al-Wa&#772;h&#803;id ibn &#699;Ali&#772;, -962 or 963.</subfield><subfield code="t">Kita&#772;b al-Muthanna&#769;</subfield><subfield code="w">(NNC)3073746</subfield><subfield code="w">(DLC)ne 67001806</subfield><subfield code="w">(OCoLC)39806759</subfield></datafield><datafield ind1=" " ind2="0" tag="830"><subfield code="6">880-07</subfield><subfield code="a">Mat&#803;bu&#772;&#699;a&#772;t al-Majma&#699; al-&#699;Ilmi&#772; al-&#699;Arabi&#772; bi-Dimashq.</subfield></datafield><datafield ind1="4" ind2="0" tag="856"><subfield code="u">http://hdl.handle.net/2333.1/x3ffbj5h</subfield></datafield><datafield ind1="1" ind2=" " tag="880"><subfield code="6">100-01/r</subfield><subfield code="a">&#1571;&#1576;&#1608; &#1575;&#1604;&#1591;&#1610;&#1576; &#1575;&#1604;&#1604;&#1594;&#1608;&#1610;&#1548; &#1593;&#1576;&#1583; &#1575;&#1604;&#1608;&#1575;&#1581;&#1583; &#1576;&#1606; &#1593;&#1604;&#1610;.</subfield></datafield><datafield ind1="1" ind2="0" tag="880"><subfield code="6">240-02/r</subfield><subfield code="a">&#1605;&#1579;&#1606;&#1609;</subfield></datafield><datafield ind1="0" ind2="0" tag="880"><subfield code="6">245-03/r</subfield><subfield code="a">&#1603;&#1578;&#1575;&#1576; &#1575;&#1604;&#1605;&#1579;&#1606;&#1609; /</subfield><subfield code="c">&#1578;&#1571;&#1604;&#1610;&#1601; &#1575;&#1576;&#1610; &#1575;&#1604;&#1591;&#1610;&#1576; &#1593;&#1576;&#1583; &#1575;&#1604;&#1608;&#1575;&#1581;&#1583; &#1576;&#1606; &#1593;&#1604;&#1610; &#1575;&#1604;&#1604;&#1594;&#1608;&#1610; &#1575;&#1604;&#1581;&#1604;&#1576;&#1610; &#1575;&#1604;&#1605;&#1578;&#1608;&#1601;&#1609; &#1587;&#1606;&#1577; 351H &#1563; &#1581;&#1602;&#1602;&#1607; &#1608;&#1588;&#1585;&#1581;&#1607; &#1608;&#1606;&#1588;&#1585; &#1581;&#1608;&#1575;&#1588;&#1610;&#1607; &#1575;&#1604;&#1575;&#1589;&#1604;&#1610;&#1577; &#1608;&#1571;&#1603;&#1605;&#1604; &#1606;&#1608;&#1575;&#1602;&#1589;&#1577; &#1593;&#1586; &#1575;&#1604;&#1583;&#1610;&#1606; &#1575;&#1604;&#1578;&#1606;&#1608;&#1582;&#1610;.</subfield></datafield><datafield ind1=" " ind2=" " tag="880"><subfield code="6">260-04/r</subfield><subfield code="a">&#1583;&#1605;&#1588;&#1602; &#1563;</subfield><subfield code="b">&#1575;&#1604;&#1605;&#1580;&#1605;&#1593; &#1575;&#1604;&#1593;&#1604;&#1605;&#1610; &#1575;&#1604;&#1593;&#1585;&#1576;&#1610;&#1548;</subfield><subfield code="c">1960.</subfield></datafield><datafield ind1="1" ind2=" " tag="880"><subfield code="6">490-05/r</subfield><subfield code="a">&#1605;&#1591;&#1576;&#1608;&#1593;&#1575;&#1578; &#1575;&#1604;&#1605;&#1580;&#1605;&#1593; &#1575;&#1604;&#1593;&#1604;&#1605;&#1610; &#1575;&#1604;&#1593;&#1585;&#1576;&#1610; &#1576;&#1583;&#1605;&#1588;&#1602;</subfield></datafield><datafield ind1="0" ind2=" " tag="880"><subfield code="6">700-06/r</subfield><subfield code="a">&#1593;&#1586; &#1575;&#1604;&#1583;&#1610;&#1606; &#1575;&#1604;&#1578;&#1606;&#1608;&#1582;&#1610;.</subfield></datafield><datafield ind1=" " ind2="0" tag="880"><subfield code="6">830-07/r</subfield><subfield code="a">&#1605;&#1591;&#1576;&#1608;&#1593;&#1575;&#1578; &#1575;&#1604;&#1605;&#1580;&#1605;&#1593; &#1575;&#1604;&#1593;&#1604;&#1605;&#1610; &#1575;&#1604;&#1593;&#1585;&#1576;&#1610; &#1576;&#1583;&#1605;&#1588;&#1602;.</subfield></datafield><datafield ind1=" " ind2=" " tag="959"><subfield code="a">NNU</subfield><subfield code="b">WEB</subfield><subfield code="c">GENI</subfield><subfield code="t">0</subfield><subfield code="m">Electronic access</subfield><subfield code="s">01</subfield></datafield><datafield ind1=" " ind2=" " tag="999"><subfield code="i">NNC_3073746</subfield><subfield code="o">(OCoLC)39806759</subfield></datafield></record>